@book{ramakrishnan1998fourierAnalysisOnNumberFields,
  title={Fourier analysis on number fields},
  author={Ramakrishnan, Dinakar and Valenza, Robert J},
  volume={186},
  year={1998},
  publisher={Springer Science \& Business Media}
}


@book{bushnell2006localLanglandsConjectureForGL2,
  title={The local Langlands conjecture for GL (2)},
  author={Bushnell, Colin J and Henniart, Guy},
  volume={335},
  year={2006},
  publisher={Springer Science \& Business Media}
}

@book{neukirch2013algebraicNumberTheory,
  title={Algebraic number theory},
  author={Neukirch, J{\"u}rgen},
  volume={322},
  year={2013},
  publisher={Springer Science \& Business Media}
}


@book{weil2013basicNumberTheory,
  title={Basic number theory.},
  author={Weil, Andr{\'e}},
  volume={144},
  year={2013},
  publisher={Springer Science \& Business Media}
}